@book{golyandina2001analysis,
  title={Analysis of time series structure: SSA and related techniques},
  author={Golyandina, Nina and Nekrutkin, Vladimir and Zhigljavsky, Anatoly A},
  pages={27--32},
  year={2001},
  publisher={CRC press}
}

@book{hastie2009elements,
  title={The elements of statistical learning: data mining, inference, and prediction},
  author={Hastie, Trevor and Tibshirani, Robert and Friedman, Jerome H and Friedman, Jerome H},
  volume={2},
  pages={249--256, 261--271},
  year={2009},
  publisher={Springer}
}

@article{bronstein2021geometric,
  title={Geometric deep learning: Grids, groups, graphs, geodesics, and gauges},
  author={Bronstein, Michael M and Bruna, Joan and Cohen, Taco and Veli{\v{c}}kovi{\'c}, Petar},
  journal={arXiv preprint arXiv:2104.13478},
  pages={89--95},
  year={2021}
}

@book{bishop2006pattern,
  title={Pattern recognition and machine learning},
  author={Bishop, Christopher M and Nasrabadi, Nasser M},
  volume={4},
  number={4},
  pages={461--474},
  year={2006},
  publisher={Springer}
}

@inproceedings{NIPS2011_7eb3c8be,
 author = {Graves, Alex},
 booktitle = {Advances in Neural Information Processing Systems},
 editor = {J. Shawe-Taylor and R. Zemel and P. Bartlett and F. Pereira and K.Q. Weinberger},
 publisher = {Curran Associates, Inc.},
 title = {Practical Variational Inference for Neural Networks},
 url = {https://proceedings.neurips.cc/paper/2011/file/7eb3c8be3d411e8ebfab08eba5f49632-Paper.pdf},
 volume = {24},
 year = {2011}
}


@article{isachenko2022quadratic,
  title={Quadratic programming feature selection for multicorrelated signal decoding with partial least squares},
  author={Isachenko, RV and Strijov, VV},
  journal={Expert Systems with Applications},
  volume={207},
  pages={117967},
  year={2022},
  publisher={Elsevier}
}

@article{katrutsa2017comprehensive,
  title={Comprehensive study of feature selection methods to solve multicollinearity problem according to evaluation criteria},
  author={Katrutsa, Alexandr and Strijov, Vadim},
  journal={Expert Systems with Applications},
  volume={76},
  pages={1--11},
  year={2017},
  publisher={Elsevier}
}


@article{motrenko2018multi,
  title={Multi-way feature selection for ECoG-based Brain-Computer Interface},
  author={Motrenko, Anastasia and Strijov, Vadim},
  journal={Expert Systems with Applications},
  volume={114},
  pages={402--413},
  year={2018},
  publisher={Elsevier}
}

@article{jia2022feature,
  title={Feature dimensionality reduction: a review},
  author={Jia, Weikuan and Sun, Meili and Lian, Jian and Hou, Sujuan},
  journal={Complex \& Intelligent Systems},
  volume={8},
  number={3},
  pages={2663--2693},
  year={2022},
  publisher={Springer}
}

@inproceedings{frank2010activity,
  title={Activity and gait recognition with time-delay embeddings},
  author={Frank, Jordan and Mannor, Shie and Precup, Doina},
  booktitle={Proceedings of the AAAI Conference on Artificial Intelligence},
  volume={24},
  number={1},
  pages={1581--1586},
  year={2010}
}

@article{grabovoy2020quasi,
  title={Quasi-periodic time series clustering for human activity recognition},
  author={Grabovoy, AV and Strijov, VV},
  journal={Lobachevskii Journal of Mathematics},
  volume={41},
  pages={333--339},
  year={2020},
  publisher={Springer}
}

@article{грабовой2019определение,
  title={Определение релевантности параметров нейросети},
  author={Грабовой, Андрей Валериевич and Бахтеев, Олег Юрьевич and Стрижов, Вадим Викторович},
  journal={Информатика и её применения},
  volume={13},
  number={2},
  pages={62--70},
  year={2019},
  publisher={Российская академия наук, Отделение нанотехнологий и информационных технологий}
}


@article{гребенькова2021вариационная,
  title={Вариационная оптимизация модели глубокого обучения с контролем сложности},
  author={Гребенькова, Ольга Сергеевна and Бахтеев, Олег Юрьевич and Стрижов, Вадим Викторович},
  journal={Информатика и её применения},
  volume={15},
  number={1},
  pages={42--49},
  year={2021},
  publisher={Российская академия наук, Отделение нанотехнологий и информационных технологий}
}

% Данные:

@inproceedings{malekzadeh2018protecting,
  title={Protecting sensory data against sensitive inferences},
  author={Malekzadeh, Mohammad and Clegg, Richard G and Cavallaro, Andrea and Haddadi, Hamed},
  booktitle={Proceedings of the 1st Workshop on Privacy by Design in Distributed Systems},
  pages={1--6},
  year={2018}
}

@article{berezutskaya2022open,
  title={Open multimodal iEEG-fMRI dataset from naturalistic stimulation with a short audiovisual film},
  author={Berezutskaya, Julia and Vansteensel, Mariska J and Aarnoutse, Erik J and Freudenburg, Zachary V and Piantoni, Giovanni and Branco, Mariana P and Ramsey, Nick F},
  journal={Scientific Data},
  volume={9},
  number={1},
  pages={91},
  year={2022},
  publisher={Nature Publishing Group UK London}
}


% Cite as other methods

@article{cunningham2014dimensionality,
  title={Dimensionality reduction for large-scale neural recordings},
  author={Cunningham, John P and Yu, Byron M},
  journal={Nature neuroscience},
  volume={17},
  number={11},
  pages={1500--1509},
  year={2014},
  publisher={Nature Publishing Group US New York}
}

@article{cunningham2015linear,
  title={Linear dimensionality reduction: Survey, insights, and generalizations},
  author={Cunningham, John P and Ghahramani, Zoubin},
  journal={The Journal of Machine Learning Research},
  volume={16},
  number={1},
  pages={2859--2900},
  year={2015},
  publisher={JMLR. org}
}

@article{ornek2019nonlinear,
  title={Nonlinear supervised dimensionality reduction via smooth regular embeddings},
  author={{\"O}rnek, Cem and Vural, Elif},
  journal={Pattern Recognition},
  volume={87},
  pages={55--66},
  year={2019},
  publisher={Elsevier}
}

@inproceedings{hassibi1993optimal,
  title={Optimal brain surgeon and general network pruning},
  author={Hassibi, Babak and Stork, David G and Wolff, Gregory J},
  booktitle={IEEE international conference on neural networks},
  pages={293--299},
  year={1993},
  organization={IEEE}
}

@article{dong2017learning,
  title={Learning to prune deep neural networks via layer-wise optimal brain surgeon},
  author={Dong, Xin and Chen, Shangyu and Pan, Sinno},
  journal={Advances in Neural Information Processing Systems},
  volume={30},
  year={2017}
}

@article{грабовой2020введение,
  title={Введение отношения порядка на множестве параметров аппроксимирующих моделей},
  author={Грабовой, Андрей Валериевич and Бахтеев, Олег Юрьевич and Стрижов, Вадим Викторович},
  journal={Информатика и её применения},
  volume={14},
  number={2},
  pages={58--65},
  year={2020},
  publisher={Российская академия наук, Отделение нанотехнологий и информационных технологий}
}


% Trash:


@inproceedings{kour2014real,
  title={Real-time segmentation of on-line handwritten arabic script},
  author={Kour, George and Saabne, Raid},
  booktitle={Frontiers in Handwriting Recognition (ICFHR), 2014 14th International Conference on},
  pages={417--422},
  year={2014},
  organization={IEEE}
}

@inproceedings{kour2014fast,
  title={Fast classification of handwritten on-line Arabic characters},
  author={Kour, George and Saabne, Raid},
  booktitle={Soft Computing and Pattern Recognition (SoCPaR), 2014 6th International Conference of},
  pages={312--318},
  year={2014},
  organization={IEEE},
  doi={10.1109/SOCPAR.2014.7008025}
}

@article{hadash2018estimate,
  title={Estimate and Replace: A Novel Approach to Integrating Deep Neural Networks with Existing Applications},
  author={Hadash, Guy and Kermany, Einat and Carmeli, Boaz and Lavi, Ofer and Kour, George and Jacovi, Alon},
  journal={arXiv preprint arXiv:1804.09028},
  year={2018}
}
